
@proceedings{KDDFayyad,
  editor    = {Usama M. Fayyad and
               Ramasamy Uthurusamy},
  title     = {Proceedings of the First International Conference on Knowledge Discovery
               and Data Mining (KDD-95), Montreal, Canada, August 20-21, 1995},
  publisher = {{AAAI} Press},
  year      = {1995},
  url       = {http://www.aaai.org/Library/KDD/kdd95contents.php},
  isbn      = {0-929280-82-2},
  timestamp = {Wed, 12 Dec 2012 15:08:19 +0100},
  biburl    = {http://dblp.dagstuhl.de/rec/bib/conf/kdd/1995},
  bibsource = {dblp computer science bibliography, http://dblp.org}
}

@book{KDDDefinicion,
  author    = {Jiawei Han and
               Micheline Kamber},
  title     = {Data Mining: Concepts and Techniques},
  publisher = {Morgan Kaufmann},
  year      = {2000},
  isbn      = {1-55860-489-8},
  timestamp = {Thu, 03 Jan 2002 11:51:33 +0100},
  biburl    = {http://dblp.dagstuhl.de/rec/bib/books/mk/HanK2000},
  bibsource = {dblp computer science bibliography, http://dblp.org}
}

@misc{DMPreprocessing,
  author    = {Nguyen Hung Son},
  title     = {Data cleaning and
Data preprocessing},
  year      = {2006},
  timestamp = {Mon, 13 Feb 2006 00:00:01 +0100},
  biburl    = {http://www.mimuw.edu.pl/~son/datamining/DM/4-preprocess.pdf}
}

@misc{AprendizajeSupervisado,
  author    = {Thales Cica},
  title     = {Características de las redes neuronales},
  year      = {2000},
  timestamp = {Wed, 10 May 2006 00:00:01 +0100},
  biburl    = {http://thales.cica.es/rd/Recursos/rd98/TecInfo/07/capitulo3.html},
  note      = {Accedido: 30/06/2016}
}

@misc{NaiveBayes1,
  author    = {Oscar Javier Prieto Izquierdo and
               Raúl Casillas Díaz},
  title     = {Aprendizaje Bayesiano},
  publisher = {Universidad de Valladolid},
  year      = {2012},
  biburl    = {http://www.infor.uva.es/~isaac/doctorado/AprendizajeBayesiano.pdf},
  note      = {Accedido: 15/06/2016}
}

@Book{NaiveBayes2,
 author = {Russell, Stuart},
 title = {Artificial intelligence : a modern approach},
 publisher = {Prentice Hall/Pearson Education},
 year = {2003},
 address = {Upper Saddle River, N.J},
 isbn = {9780137903955}
 }

@misc{XP,
  author    = {Don Wells},
  title     = {Extreme Programming: A gentle introduction},
  year      = {2013},
  url       = {http://www.extremeprogramming.org/},
  note      = {Accedido: 01/07/2016}
}

@misc{Storm,
  author    = {Juan Alonso Ramos},
  title     = {Introducción a Apache Storm},
  year      = {2015},
  url       = {https://www.adictosaltrabajo.com/tutoriales/introduccion-storm/},
  note      = {Accedido: 15/04/2016}
}

@misc{MongoPerformance,
  author    = {Macool},
  title     = {MySQL vs PostgreSQL vs MongoDB (velocidad)},
  year      = {2013},
  url       = {http://macool.me/mysql-vs-postgresql-vs-mongodb-velocidad/04},
  note      = {Accedido: 28/05/2016}
}

@misc{DefSPD,
  author    = {IPN},
  title     = {SISTEMAS DE PROCESAMIENTO DISTRIBUIDO},
  url       = {http://bit.ly/29xAkUN},
  year      = {2013},
  note      = {Accedido: 03/07/2016}
}

@misc{TwitterStreamingAPI,
  author    = {Twitter, Inc.},
  title     = {The Streaming APIs},
  url       = {https://dev.twitter.com/streaming/overview},
  year      = {2016},
  note      = {Accedido: 03/07/2016}
}

@book{IRQE,
 author = {Manning, Christopher D. and Raghavan, Prabhakar and Sch\"{u}tze, Hinrich},
 title = {Introduction to Information Retrieval},
 year = {2008},
 pages   = {162-177},
 isbn = {0521865719, 9780521865715},
 publisher = {Cambridge University Press},
 address = {New York, NY, USA},
} 

@article{WladdimiroPMI,
    author  = "Pablo Gonzales and Daniel Wladdimiro",
    title   = "Online Data Processing on S4 engine: A Study Case on Natural Disasters",
    year    = "2014",
    journal = "IV Workshop de Sistemas Distribuidos y Paralelismo",
    volume  = "4"
}

@mastersthesis{HarwoodPeter,
  author       = {Peter Harwood}, 
  title        = {Manifestation of real world social events on Twitter},
  school       = {Radboud University},
  year         = 2014,
  address      = {Comeniuslaan 4, 6525 HP Nijmegen, Países Bajos},
  month        = 8,
  note         = {Máster en Ingeniería de Sistemas e Informática}
}

@mastersthesis{VanDeVoort,
  author       = {Santiago Valer }, 
  title        = {EVALUACIÓN DE TÉCNICAS Y SISTEMAS DE PROCESAMIENTO DE DATA STREAMS},
  school       = {Universidad de Zaragoza},
  year         = 2011,
  address      = {Calle de Pedro Cerbuna, 12, 50009 Zaragoza, España},
  month        = 8,
  note         = {Master Thesis Computer Science}
}

@inproceedings{EventDetectionInTwitter,
  author    = {Jianshu Weng and
               Bu{-}Sung Lee},
  title     = {Event Detection in Twitter},
  booktitle = {Proceedings of the Fifth International Conference on Weblogs and Social
               Media, Barcelona, Catalonia, Spain, July 17-21, 2011},
  year      = {2011},
  crossref  = {DBLP:conf/icwsm/2011},
  url       = {http://www.aaai.org/ocs/index.php/ICWSM/ICWSM11/paper/view/2767},
  timestamp = {Wed, 04 Jan 2012 09:29:01 +0100},
  biburl    = {http://dblp.dagstuhl.de/rec/bib/conf/icwsm/WengL11},
  bibsource = {dblp computer science bibliography, http://dblp.org}
}

@mastersthesis{Maldonado,
  author       = {Luis Maldonado}, 
  title        = {Análisis de sentimiento en el sistema de red social Twitter},
  school       = {Universidad de Santiago de Chile},
  year         = 2012,
  address      = { Av. Libertador Bernardo O`Higgins 3363, Santiago, Región Metropolitana},
  note         = {Memoria de pregrado}
}

@article{NaiveBayes3,
  author    = {Pat Langley and
               Stephanie Sage},
  title     = {Induction of Selective Bayesian Classifiers},
  journal   = {CoRR},
  volume    = {abs/1302.6828},
  year      = {2013},
  url       = {http://arxiv.org/abs/1302.6828},
  timestamp = {Fri, 01 Mar 2013 15:41:02 +0100},
  biburl    = {http://dblp.dagstuhl.de/rec/bib/journals/corr/abs-1302-6828},
  bibsource = {dblp computer science bibliography, http://dblp.org}
}

@misc{NaiveBayes4,
  author    = {CHristianCH},
  title     = {Clasificador Naïve Bayes. ¿Cómo funciona?},
  url       = {http://naivebayes.blogspot.cl/},
  year      = {2013},
  note      = {Accedido: 01/07/2016}
}

@misc{MongoDBScalability,
  author    = {Jon Tobin },
  title     = {Myth Busting: MongoDB Scalability (it scales!)},
  url       = {https://www.percona.com/blog/2016/02/19/myth-busting-mongodbs-scalability/},
  year      = {2016},
  month     = {02},
  note      = {Accedido: 04/05/2016}
}

@online{TwitterAgreement,
author = {Dev.twitter.com},
title = {Developer Agreement and Policy - Twitter Developers},
month = {jan},
year = {2016},
url = {https://dev.twitter.com/overview/terms/agreement-and-policy},
note = {Accedido: 05/07/2016}
}

@article{ChatoSurvey,
  author    = {Muhammad Imran and
               Carlos Castillo and
               Fernando Diaz and
               Sarah Vieweg},
  title     = {Processing Social Media Messages in Mass Emergency: {A} Survey},
  journal   = {CoRR},
  volume    = {abs/1407.7071},
  year      = {2014},
  url       = {http://arxiv.org/abs/1407.7071},
  timestamp = {Fri, 01 Aug 2014 13:50:01 +0200},
  biburl    = {http://dblp.uni-trier.de/rec/bib/journals/corr/ImranCDV14},
  bibsource = {dblp computer science bibliography, http://dblp.org}
}

@misc{TwitterActiveUsers,
  author    = {Statista},
  title     = {Number of monthly active Twitter users worldwide from 1st quarter 2010 to 1st quarter 2016 (in millions)},
  url       = {http://www.statista.com/statistics/282087/number-of-monthly-active-twitter-users/},
  year      = {2016},
  month     = {01},
  note      = {Accedido: 07/07/2016}
}

@misc{TwitterStats1,
  author    = {Craig Smith},
  title     = {By The Numbers: 170+ Amazing Twitter Statistics},
  url       = {http://bit.ly/1bSfjNi},
  year      = {2016},
  month     = {06},
  note      = {Accedido: 07/07/2016}
}

@misc{TwitterStats2,
  author    = {eMarketer},
  title     = {Latin America to Register Highest Twitter User Growth Worldwide in 2015},
  url       = {http://www.emarketer.com/Article/Latin-America-Register-Highest-Twitter-User-Growth-Worldwide-2015/1012498},
  year      = {2015},
  month     = {05},
  note      = {Accedido: 07/07/2016}
}

@misc{languageDetector,
  title  = {Language Detection Library for Java},
  author = {Shuyo Nakatani}, 
  url    = {https://github.com/shuyo/language-detection},
  year   = {2010},
  note   ={Accedido: 05/07/2016}
}

@InProceedings{NLPaccuracy,
  author    = {Lynn, Teresa  and  Scannell, Kevin  and  Maguire, Eimear},
  title     = {Minority Language Twitter: Part-of-Speech Tagging and Analysis of Irish Tweets},
  booktitle = {Proceedings of the Workshop on Noisy User-generated Text},
  month     = {July},
  year      = {2015},
  address   = {Beijing, China},
  publisher = {Association for Computational Linguistics},
  pages     = {1--8},
  url       = {http://www.aclweb.org/anthology/W15-4301}
}

@InProceedings{NLPaccuracy1,
  author    = {Arshi Saloot, Mohammad  and  Idris, Norisma  and  Shuib, Liyana  and  Gopal Raj, Ram  and  Aw, AiTi},
  title     = {Toward Tweets Normalization Using Maximum Entropy},
  booktitle = {Proceedings of the Workshop on Noisy User-generated Text},
  month     = {July},
  year      = {2015},
  address   = {Beijing, China},
  publisher = {Association for Computational Linguistics},
  pages     = {19--27},
  url       = {http://www.aclweb.org/anthology/W15-4303}
}

@misc{NLPaccuracy2,
  title  = {Mining Twitter Data with Python (Part 2: Text Pre-processing)},
  author = {Marco Bonzanini}, 
  url    = {https://marcobonzanini.com/2015/03/09/mining-twitter-data-with-python-part-2/},
  year   = {2015}
}

@misc{ubicacionesChile,
  title  = {Ciudades de Chile},
  author = {Carta-natal}, 
  url    = {https://carta-natal.es/ciudades/Chile/},
  year   = {2016},
  note   = {Accedido: 09/05/2016}
}

@misc{Porter,
  title  = {The Porter Stemming Algorithm},
  author = {Martin Porter}, 
  url    = {https://tartarus.org/martin/PorterStemmer/},
  year   = {1979},
  note   = {Accedido: 01/06/2016}
}

@unpublished{StemmingLema,
  author  = {Kryscia Ramírez},
  title   = {Stemming – Lematización},
  note    = {UCR – ECCI CI-2414 Recuperación de Información},
  month   = {february},
  year    = {2012}
}

@misc{JQRangeSlider,
  title  = {jQRangeSlider},
  author = {Guillaume Gautreau}, 
  url    = {http://ghusse.github.io/jQRangeSlider/index.html},
  year   = {2010}
}

@misc{Highcharts,
  title  = {Column - Highcharts},
  author = {Torstein Hønsi and Grethe Hjetland}, 
  url    = {http://www.highcharts.com/stock/demo/column},
  note   = {Accedido: 15/06/2016},
  year   = {2006}
}

@misc{MarkerClusterer,
  title  = {Marker Clusterer – A Google Maps JavaScript API utility library},
  author = {Google Inc}, 
  url    = {https://github.com/googlemaps/js-marker-clusterer},
  year   = {2014},
  note   = {Accedido: 01/06/2016},
}

@inproceedings{TaxonomiaChato,
  author    = {Alexandra Olteanu and
               Sarah Vieweg and
               Carlos Castillo},
  title     = {What to Expect When the Unexpected Happens: Social Media Communications
               Across Crises},
  booktitle = {Proceedings of the 18th {ACM} Conference on Computer Supported Cooperative
               Work {\&} Social Computing, {CSCW} 2015, Vancouver, BC, Canada,
               March 14 - 18, 2015},
  pages     = {994--1009},
  year      = {2015},
  crossref  = {DBLP:conf/cscw/2015},
  url       = {http://doi.acm.org/10.1145/2675133.2675242},
  doi       = {10.1145/2675133.2675242},
  timestamp = {Fri, 27 Feb 2015 09:34:20 +0100},
  biburl    = {http://dblp.dagstuhl.de/rec/bib/conf/cscw/OlteanuVC15},
  bibsource = {dblp computer science bibliography, http://dblp.org}
}

@article{EventDetection,
  author    = {Duc T. Nguyen and
               Jason J. Jung},
  title     = {Real-time Event Detection on Social Data Stream},
  journal   = {{MONET}},
  volume    = {20},
  number    = {4},
  pages     = {475--486},
  year      = {2015},
  url       = {http://dx.doi.org/10.1007/s11036-014-0557-0},
  doi       = {10.1007/s11036-014-0557-0},
  timestamp = {Thu, 20 Aug 2015 14:42:34 +0200},
  biburl    = {http://dblp.dagstuhl.de/rec/bib/journals/monet/NguyenJ15},
  bibsource = {dblp computer science bibliography, http://dblp.org}
}

@misc{StormIBM,
  title  = {Procese big data en tiempo real con Twitter Storm},
  author = {M. Tim Jones}, 
  note   = {Accedido: 15/07/2016},
  url    = {https://www.ibm.com/developerworks/ssa/library/os-twitterstorm/},
  year   = {2013}
}

 @unpublished{Mallet,
      author = "Andrew Kachites McCallum",
      title = "MALLET: A Machine Learning for Language Toolkit",
      note = "http://mallet.cs.umass.edu",
      year = 2002}

@misc{FMeasureInterpret,
  title  = {How to interpret F-measure values?},
  author = {Willi Raschkowski}, 
  note   = {Accedido: 15/07/2016},
  url    = {http://stats.stackexchange.com/questions/49226/how-to-interpret-f-measure-values},
  year   = {2016}
}

@misc{AccuracyRecall,
  title  = {What is an intuitive explanation of F-score?},
  author = {Justin Veenstra}, 
  note   = {Accedido: 15/07/2016},
  url    = {https://www.quora.com/What-is-an-intuitive-explanation-of-F-score},
  year   = {2016}
}

@misc{KDDFigure,
  title  = {Descubrimiento del Conocimiento (KDD) : “El Proceso de minería”},
  author = {Francisco Iribarra }, 
  note   = {Accedido: 01/05/2016},
  url    = {http://mineriadatos1.blogspot.cl/2013/06/descubrimiento-del-conocimiento-kdd-el.html},
  year   = {2015}
}

@misc{StormFigure,
  title  = {Apache Storm},
  author = {Apache}, 
  note   = {Accedido: 18/07/2016},
  url    = {http://storm.apache.org/},
  year   = {2016}
}

@phdthesis{Fielding,
 author = {Fielding, Roy Thomas},
 title = {Architectural Styles and the Design of Network-based Software Architectures},
 year = {2000},
 isbn = {0-599-87118-0},
 note = {AAI9980887},
 publisher = {University of California, Irvine},
} 

@misc{SPExplained,
  title  = {Stream Processing Explained},
  author = {SQLStream}, 
  note   = {Accedido: 18/07/2016},
  url    = {http://www.sqlstream.com/stream-processing/},
  year   = {2015}
}

@misc{PlayFramework,
  title  = {The High Velocity Web Framework For Java and Scala},
  author = {Play}, 
  note   = {Accedido: 18/07/2016},
  url    = {https://www.playframework.com/},
  year   = {2015}
}

@misc{LuisMolina,
  title  = {Data mining: torturando a los datos hasta que confiesen},
  author = {Luis Molina}, 
  note   = {Accedido: 18/07/2016},
  url    = {http://www.uoc.edu/web/esp/art/uoc/molina1102/molina1102.html},
  year   = {2002}
}

@misc{IvanFernandez,
  title  = {Data mining: torturando a los datos hasta que confiesen},
  author = {Iván Fernández}, 
  note   = {Accedido: 18/07/2016},
  url    = {http://textmining.galeon.com/},
  year   = {2011}
}

@book{NPLK,
  abstract = {This book offers a highly accessible introduction to Natural Language Processing, the field that underpins a variety of language technologies ranging from predictive text and email filtering to automatic summarization and translation. Using NLTK, you'll learn how to write Python programs to analyze the structure and meaning of texts, drawing on techniques from the fields of linguistics and artificial intelligence.},
  added-at = {2012-05-30T10:43:08.000+0200},
  address = {Beijing},
  author = {Bird, Steven and Klein, Ewan and Loper, Edward},
  biburl = {http://www.bibsonomy.org/bibtex/2c90dc59441d01c8bef58a947274164d4/flint63},
  doi = {http://my.safaribooksonline.com/9780596516499},
  file = {O'Reilly eBook:2009/BirdKleinLoper09.pdf:PDF;O'Reilly Product page:http\://shop.oreilly.com/product/9780596516499.do:URL;Related Web Site:http\://www.nltk.org/:URL},
  groups = {public},
  interhash = {5408d7da097b9cd81239c238da8bfaf4},
  intrahash = {c90dc59441d01c8bef58a947274164d4},
  isbn = {978-0-596-51649-9},
  keywords = {v1500 safari book ai software development language processing text python framework},
  publisher = {O'Reilly},
  timestamp = {2016-05-19T11:41:30.000+0200},
  title = {Natural Language Processing with Python: Analyzing Text with the Natural Language Toolkit},
  url = {http://www.nltk.org/book},
  username = {flint63},
  year = 2009
}

%Del Profe

@article{DeanMapReduce,
 author = {Dean, Jeffrey and Ghemawat, Sanjay},
 title = {MapReduce: Simplified Data Processing on Large Clusters},
 journal = {Commun. ACM},
 issue_date = {January 2008},
 volume = {51},
 number = {1},
 month = jan,
 year = {2008},
 issn = {0001-0782},
 pages = {107--113},
 numpages = {7},
 url = {http://doi.acm.org/10.1145/1327452.1327492},
 doi = {10.1145/1327452.1327492},
 acmid = {1327492},
 publisher = {ACM},
 address = {New York, NY, USA},
} 

@inproceedings{CondieMapReduce,
 author = {Condie, Tyson and Conway, Neil and Alvaro, Peter and Hellerstein, Joseph M. and Elmeleegy, Khaled and Sears, Russell},
 title = {MapReduce Online},
 booktitle = {Proceedings of the 7th USENIX Conference on Networked Systems Design and Implementation},
 series = {NSDI'10},
 year = {2010},
 location = {San Jose, California},
 pages = {21--21},
 numpages = {1},
 url = {http://dl.acm.org/citation.cfm?id=1855711.1855732},
 acmid = {1855732},
 publisher = {USENIX Association},
 address = {Berkeley, CA, USA},
}

@article{VermaMapReduce,
 author = {Verma, Abhishek and Cho, Brian and Zea, Nicolas and Gupta, Indranil and Campbell, Roy H.},
 title = {Breaking the MapReduce Stage Barrier},
 journal = {Cluster Computing},
 issue_date = {March     2013},
 volume = {16},
 number = {1},
 month = mar,
 year = {2013},
 issn = {1386-7857},
 pages = {191--206},
 numpages = {16},
 url = {http://dx.doi.org/10.1007/s10586-011-0182-7},
 doi = {10.1007/s10586-011-0182-7},
 acmid = {2451483},
 publisher = {Kluwer Academic Publishers},
 address = {Hingham, MA, USA},
 keywords = {Data-intensive computing, MapReduce},
} 

@inproceedings{NeumeyerS4,
 author = {Neumeyer, Leonardo and Robbins, Bruce and Nair, Anish and Kesari, Anand},
 title = {S4: Distributed Stream Computing Platform},
 booktitle = {Proceedings of the 2010 IEEE International Conference on Data Mining Workshops},
 series = {ICDMW '10},
 year = {2010},
 isbn = {978-0-7695-4257-7},
 pages = {170--177},
 numpages = {8},
 url = {http://dx.doi.org/10.1109/ICDMW.2010.172},
 doi = {10.1109/ICDMW.2010.172},
 acmid = {1934385},
 publisher = {IEEE Computer Society},
 address = {Washington, DC, USA},
 keywords = {actors programming model, complex event processing, concurrent programming, data processing, distributed programming, map-reduce, middleware, parallel programming, real-time search, software design, stream computing},
} 

@inproceedings{HuntZookeeper,
 author = {Hunt, Patrick and Konar, Mahadev and Junqueira, Flavio P. and Reed, Benjamin},
 title = {ZooKeeper: Wait-free Coordination for Internet-scale Systems},
 booktitle = {Proceedings of the 2010 USENIX Conference on USENIX Annual Technical Conference},
 series = {USENIXATC'10},
 year = {2010},
 location = {Boston, MA},
 pages = {11--11},
 numpages = {1},
 url = {http://dl.acm.org/citation.cfm?id=1855840.1855851},
 acmid = {1855851},
 publisher = {USENIX Association},
 address = {Berkeley, CA, USA},
} 

@article{GulisanoStreamCloud,
 author = {Gulisano, Vincenzo and Jimenez-Peris, Ricardo and Patino-Martinez, Marta and Soriente, Claudio and Valduriez, Patrick},
 title = {StreamCloud: An Elastic and Scalable Data Streaming System},
 journal = {IEEE Trans. Parallel Distrib. Syst.},
 issue_date = {December 2012},
 volume = {23},
 number = {12},
 month = dec,
 year = {2012},
 issn = {1045-9219},
 pages = {2351--2365},
 numpages = {15},
 url = {http://dx.doi.org/10.1109/TPDS.2012.24},
 doi = {10.1109/TPDS.2012.24},
 acmid = {2412792},
 publisher = {IEEE Press},
 address = {Piscataway, NJ, USA},
 keywords = {Peer to peer computing,Semantics,Streaming media,Scalability,Load management,Cloud computing,Elasticity,elasticity,Data streaming,scalability},
} 

@inproceedings{SatzgerESC,
 author = {Satzger, Benjamin and Hummer, Waldemar and Leitner, Philipp and Dustdar, Schahram},
 title = {Esc: Towards an Elastic Stream Computing Platform for the Cloud},
 booktitle = {Proceedings of the 2011 IEEE 4th International Conference on Cloud Computing},
 series = {CLOUD '11},
 year = {2011},
 isbn = {978-0-7695-4460-1},
 pages = {348--355},
 numpages = {8},
 url = {http://dx.doi.org/10.1109/CLOUD.2011.27},
 doi = {10.1109/CLOUD.2011.27},
 acmid = {2055531},
 publisher = {IEEE Computer Society},
 address = {Washington, DC, USA},
 keywords = {stream computing, event processing, adaptability},
} 

@inproceedings{QianTimeStream,
 author = {Qian, Zhengping and He, Yong and Su, Chunzhi and Wu, Zhuojie and Zhu, Hongyu and Zhang, Taizhi and Zhou, Lidong and Yu, Yuan and Zhang, Zheng},
 title = {TimeStream: Reliable Stream Computation in the Cloud},
 booktitle = {Proceedings of the 8th ACM European Conference on Computer Systems},
 series = {EuroSys '13},
 year = {2013},
 isbn = {978-1-4503-1994-2},
 location = {Prague, Czech Republic},
 pages = {1--14},
 numpages = {14},
 url = {http://doi.acm.org/10.1145/2465351.2465353},
 doi = {10.1145/2465351.2465353},
 acmid = {2465353},
 publisher = {ACM},
 address = {New York, NY, USA},
 keywords = {StreamInsight, cluster computing, distributed stream processing, dynamic reconfiguration, fault-tolerance, real-time, resilient substitution},
} 

@inproceedings{CastroFernandezISFT,
 author = {Castro Fernandez, Raul and Migliavacca, Matteo and Kalyvianaki, Evangelia and Pietzuch, Peter},
 title = {Integrating Scale out and Fault Tolerance in Stream Processing Using Operator State Management},
 booktitle = {Proceedings of the 2013 ACM SIGMOD International Conference on Management of Data},
 series = {SIGMOD '13},
 year = {2013},
 isbn = {978-1-4503-2037-5},
 location = {New York, New York, USA},
 pages = {725--736},
 numpages = {12},
 url = {http://doi.acm.org/10.1145/2463676.2465282},
 doi = {10.1145/2463676.2465282},
 acmid = {2465282},
 publisher = {ACM},
 address = {New York, NY, USA},
 keywords = {fault tolerance, scalability, stateful stream processing},
} 

@ARTICLE{GedikESDSP, 
author={B. Gedik and S. Schneider and M. Hirzel and K. L. Wu}, 
journal={IEEE Transactions on Parallel and Distributed Systems}, 
title={Elastic Scaling for Data Stream Processing}, 
year={2014}, 
volume={25}, 
number={6}, 
pages={1447-1463}, 
keywords={data analysis;data flow graphs;parallel processing;profitability;application data flow graph;auto-parallelization;data partitioning;elastic scaling;general-purpose distributed data stream processing applications;industrial-strength data stream processing platform;parallel channels;profitability problem;resource availability;run-time state migration;workload dynamics;Availability;Indexes;Measurement;Parallel processing;Runtime;Safety;Throughput;Data stream processing;elasticity;parallelization}, 
doi={10.1109/TPDS.2013.295}, 
ISSN={1045-9219}, 
month={June},}

@inproceedings{XuTStorm,
 author = {Xu, Jielong and Chen, Zhenhua and Tang, Jian and Su, Sen},
 title = {T-Storm: Traffic-Aware Online Scheduling in Storm},
 booktitle = {Proceedings of the 2014 IEEE 34th International Conference on Distributed Computing Systems},
 series = {ICDCS '14},
 year = {2014},
 isbn = {978-1-4799-5169-7},
 pages = {535--544},
 numpages = {10},
 url = {http://dx.doi.org/10.1109/ICDCS.2014.61},
 doi = {10.1109/ICDCS.2014.61},
 acmid = {2672702},
 publisher = {IEEE Computer Society},
 address = {Washington, DC, USA},
 keywords = {Big Data, Stream Data Processing, Storm, Scheduling, Resource Management},
} 

@inproceedings{HwangTolerancia,
 author = {Hwang, Jeong-Hyon and Balazinska, Magdalena and Rasin, Alexander and Cetintemel, Ugur and Stonebraker, Michael and Zdonik, Stan},
 title = {High-Availability Algorithms for Distributed Stream Processing},
 booktitle = {Proceedings of the 21st International Conference on Data Engineering},
 series = {ICDE '05},
 year = {2005},
 isbn = {0-7695-2285-8},
 pages = {779--790},
 numpages = {12},
 url = {http://dx.doi.org/10.1109/ICDE.2005.72},
 doi = {10.1109/ICDE.2005.72},
 acmid = {1054116},
 publisher = {IEEE Computer Society},
 address = {Washington, DC, USA},
} 

@inproceedings{ShahTolerance,
 author = {Shah, Mehul A. and Hellerstein, Joseph M. and Brewer, Eric},
 title = {Highly Available, Fault-tolerant, Parallel Dataflows},
 booktitle = {Proceedings of the 2004 ACM SIGMOD International Conference on Management of Data},
 series = {SIGMOD '04},
 year = {2004},
 isbn = {1-58113-859-8},
 location = {Paris, France},
 pages = {827--838},
 numpages = {12},
 url = {http://doi.acm.org/10.1145/1007568.1007662},
 doi = {10.1145/1007568.1007662},
 acmid = {1007662},
 publisher = {ACM},
 address = {New York, NY, USA},
} 

@article{BalazinskaTolerance,
 author = {Balazinska, Magdalena and Balakrishnan, Hari and Madden, Samuel R. and Stonebraker, Michael},
 title = {Fault-tolerance in the Borealis Distributed Stream Processing System},
 journal = {ACM Trans. Database Syst.},
 issue_date = {March 2008},
 volume = {33},
 number = {1},
 month = mar,
 year = {2008},
 issn = {0362-5915},
 pages = {3:1--3:44},
 articleno = {3},
 numpages = {44},
 url = {http://doi.acm.org/10.1145/1331904.1331907},
 doi = {10.1145/1331904.1331907},
 acmid = {1331907},
 publisher = {ACM},
 address = {New York, NY, USA},
 keywords = {Distributed stream processing, availability, consistency, fault-tolerance},
} 

@inproceedings{WangTolerance1,
 author = {Wang, Huayong and Peh, Li-Shiuan and Koukoumidis, Emmanouil and Tao, Shao and Chan, Mun Choon},
 title = {Meteor Shower: A Reliable Stream Processing System for Commodity Data Centers},
 booktitle = {Proceedings of the 2012 IEEE 26th International Parallel and Distributed Processing Symposium},
 series = {IPDPS '12},
 year = {2012},
 isbn = {978-0-7695-4675-9},
 pages = {1180--1191},
 numpages = {12},
 url = {http://dx.doi.org/10.1109/IPDPS.2012.108},
 doi = {10.1109/IPDPS.2012.108},
 acmid = {2358604},
 publisher = {IEEE Computer Society},
 address = {Washington, DC, USA},
 keywords = {stream computing, fault tolerance, reliability},
} 

@inproceedings{SebepouCEC,
 author = {Sebepou, Zoe and Magoutis, Kostas},
 title = {CEC: Continuous Eventual Checkpointing for Data Stream Processing Operators},
 booktitle = {Proceedings of the 2011 IEEE/IFIP 41st International Conference on Dependable Systems\&Networks},
 series = {DSN '11},
 year = {2011},
 isbn = {978-1-4244-9232-9},
 pages = {145--156},
 numpages = {12},
 url = {http://dx.doi.org/10.1109/DSN.2011.5958214},
 doi = {10.1109/DSN.2011.5958214},
 acmid = {2056400},
 publisher = {IEEE Computer Society},
 address = {Washington, DC, USA},
} 

@article{AkidauMillWheel,
 author = {Akidau, Tyler and Balikov, Alex and Bekiro\u{g}lu, Kaya and Chernyak, Slava and Haberman, Josh and Lax, Reuven and McVeety, Sam and Mills, Daniel and Nordstrom, Paul and Whittle, Sam},
 title = {MillWheel: Fault-tolerant Stream Processing at Internet Scale},
 journal = {Proc. VLDB Endow.},
 issue_date = {August 2013},
 volume = {6},
 number = {11},
 month = aug,
 year = {2013},
 issn = {2150-8097},
 pages = {1033--1044},
 numpages = {12},
 url = {http://dx.doi.org/10.14778/2536222.2536229},
 doi = {10.14778/2536222.2536229},
 acmid = {2536229},
 publisher = {VLDB Endowment},
} 

@inproceedings{ZahariaDiscretized,
 author = {Zaharia, Matei and Das, Tathagata and Li, Haoyuan and Hunter, Timothy and Shenker, Scott and Stoica, Ion},
 title = {Discretized Streams: Fault-tolerant Streaming Computation at Scale},
 booktitle = {Proceedings of the Twenty-Fourth ACM Symposium on Operating Systems Principles},
 series = {SOSP '13},
 year = {2013},
 isbn = {978-1-4503-2388-8},
 location = {Farminton, Pennsylvania},
 pages = {423--438},
 numpages = {16},
 url = {http://doi.acm.org/10.1145/2517349.2522737},
 doi = {10.1145/2517349.2522737},
 acmid = {2522737},
 publisher = {ACM},
 address = {New York, NY, USA},
} 

@inproceedings{AIDR,
 author = {Imran, Muhammad and Castillo, Carlos and Lucas, Ji and Meier, Patrick and Vieweg, Sarah},
 title = {AIDR: Artificial Intelligence for Disaster Response},
 booktitle = {Proceedings of the 23rd International Conference on World Wide Web},
 series = {WWW '14 Companion},
 year = {2014},
 isbn = {978-1-4503-2745-9},
 location = {Seoul, Korea},
 pages = {159--162},
 numpages = {4},
 url = {http://doi.acm.org/10.1145/2567948.2577034},
 doi = {10.1145/2567948.2577034},
 acmid = {2577034},
 publisher = {ACM},
 address = {New York, NY, USA},
 keywords = {classification, crowdsourcing, online machine learning, stream processing},
} 

@MISC {PMIProfes,
    author = "Nicolás Hidalgo, Erika Rosas",
    title  = "Despliegue Ágil de Aplicaciones de Apoyo a la Gestión de Desastres de Origen Natural y Caso de Estudio en Sismología",
    month  = "jun",
    year   = "2014"
}

@MISC {Spark,
    author = "Maribel Tirados",
    title  = "Apache Spark, la nueva estrella de Big Data",
    month  = "apr",
    year   = "2014",
    url = "http://www.bigdatahispano.org/noticias/apache-spark-la-nueva-estrella-de-big-data/",
    note = "Accedido el: 18/07/2016"
}

@MISC {SparkOnline,
    author = "Apache",
    title  = "Apache Spark™ is a fast and general engine for large-scale data processing.",
    year   = "2016",
    url = "http://spark.apache.org/",
    note = "Accedido el: 18/07/2016"
}

@article{CoddSQL,
 author = {Codd, E. F.},
 title = {A Relational Model of Data for Large Shared Data Banks},
 journal = {Commun. ACM},
 issue_date = {June 1970},
 volume = {13},
 number = {6},
 month = jun,
 year = {1970},
 issn = {0001-0782},
 pages = {377--387},
 numpages = {11},
 url = {http://doi.acm.org/10.1145/362384.362685},
 doi = {10.1145/362384.362685},
 acmid = {362685},
 publisher = {ACM},
 address = {New York, NY, USA},
 keywords = {composition, consistency, data bank, data base, data integrity, data organization, data structure, derivability, hierarchies of data, join, networks of data, predicate calculus, redundancy, relations, retrieval language, security},
} 

@MISC {CassandraNOSQL,
    author = "Apache",
    title  = "Cassandra",
    year   = "2015",
    url = "http://cassandra.apache.org/",
    note = "Accedido el: 18/07/2016"
}

@MISC {redisNOSQL,
    author = "Salvatore Sanfilippo ",
    title  = "redis",
    year   = "2015",
    url = "http://redis.io/",
    note = "Accedido el: 18/07/2016"
}

@MISC {MongoDB,
    author = "MongoDB",
    title  = "MongoDB for GIANT Ideas",
    year   = "2016",
    url = "https://www.mongodb.com/",
    note = "Accedido el: 18/07/2016"
}

@MISC {BDNOSQL,
    author = "Andrés Purriños",
    title  = "MongoDB, ¿son las bases de datos no relacionales el futuro?",
    year   = "2014",
    url = "http://www.revistacloudcomputing.com/2014/06/mongodb-son-las-bases-de-datos-no-relacionales-el-futuro/",
    note = "Accedido el: 18/07/2016"
}


@MISC {RapidMiner,
    author = "Ingo Mierswa",
    title  = "Predictive Analytics, Reimagined",
    year   = "2016",
    url = "http://rapidminer.com/",
    note = "Accedido el: 18/07/2016"
}

@article{Weka,
 author = {Hall, Mark and Frank, Eibe and Holmes, Geoffrey and Pfahringer, Bernhard and Reutemann, Peter and Witten, Ian H.},
 title = {The WEKA Data Mining Software: An Update},
 journal = {SIGKDD Explor. Newsl.},
 issue_date = {June 2009},
 volume = {11},
 number = {1},
 month = nov,
 year = {2009},
 issn = {1931-0145},
 pages = {10--18},
 numpages = {9},
 url = {http://doi.acm.org/10.1145/1656274.1656278},
 doi = {10.1145/1656274.1656278},
 acmid = {1656278},
 publisher = {ACM},
 address = {New York, NY, USA},
} 

