
@proceedings{KDDFayyad,
  editor    = {Usama M. Fayyad and
               Ramasamy Uthurusamy},
  title     = {Proceedings of the First International Conference on Knowledge Discovery
               and Data Mining (KDD-95), Montreal, Canada, August 20-21, 1995},
  publisher = {{AAAI} Press},
  year      = {1995},
  url       = {http://www.aaai.org/Library/KDD/kdd95contents.php},
  isbn      = {0-929280-82-2},
  timestamp = {Wed, 12 Dec 2012 15:08:19 +0100},
  biburl    = {http://dblp.dagstuhl.de/rec/bib/conf/kdd/1995},
  bibsource = {dblp computer science bibliography, http://dblp.org}
}

@book{KDDDefinicion,
  author    = {Jiawei Han and
               Micheline Kamber},
  title     = {Data Mining: Concepts and Techniques},
  publisher = {Morgan Kaufmann},
  year      = {2000},
  isbn      = {1-55860-489-8},
  timestamp = {Thu, 03 Jan 2002 11:51:33 +0100},
  biburl    = {http://dblp.dagstuhl.de/rec/bib/books/mk/HanK2000},
  bibsource = {dblp computer science bibliography, http://dblp.org}
}

@misc{DMPreprocessing,
  author    = {Nguyen Hung Son},
  title     = {Data cleaning and
Data preprocessing},
  year      = {2006},
  timestamp = {Mon, 13 Feb 2006 00:00:01 +0100},
  biburl    = {http://www.mimuw.edu.pl/~son/datamining/DM/4-preprocess.pdf}
}

@misc{AprendizajeSupervisado,
  author    = {Thales Cica},
  title     = {Características de las redes neuronales},
  year      = {2000},
  timestamp = {Wed, 10 May 2006 00:00:01 +0100},
  biburl    = {http://thales.cica.es/rd/Recursos/rd98/TecInfo/07/capitulo3.html},
  note      = {Accedido: 30/06/2016}
}

@misc{NaiveBayes1,
  author    = {Oscar Javier Prieto Izquierdo and
               Raúl Casillas Díaz},
  title     = {Aprendizaje Bayesiano},
  publisher = {Universidad de Valladolid},
  year      = {2012},
  biburl    = {http://www.infor.uva.es/~isaac/doctorado/AprendizajeBayesiano.pdf},
  note      = {Accedido: 15/06/2016}
}

@Book{NaiveBayes2,
 author = {Russell, Stuart},
 title = {Artificial intelligence : a modern approach},
 publisher = {Prentice Hall/Pearson Education},
 year = {2003},
 address = {Upper Saddle River, N.J},
 isbn = {9780137903955}
 }

@misc{XP,
  author    = {Don Wells},
  title     = {Extreme Programming: A gentle introduction},
  year      = {2013},
  note      = {Accedido: 01/07/2016}
}

@misc{Storm,
  author    = {Juan Alonso Ramos},
  title     = {Introducción a Apache Storm},
  year      = {2015},
  note      = {Accedido: 15/04/2016}
}

@misc{MongoPerformance,
  author    = {Macool},
  title     = {MySQL vs PostgreSQL vs MongoDB (velocidad)},
  year      = {2013},
  note      = {Accedido: 28/05/2016}
}

@misc{DefSPD,
  author    = {Instituto politécnico nacional},
  title     = {SISTEMAS DE PROCESAMIENTO DISTRIBUIDO},
  year      = {2013},
  note      = {Accedido: 03/07/2016}
}

@misc{TwitterStreamingAPI,
  author    = {Twitter, Inc.},
  title     = {The Streaming APIs},
  year      = {2016},
  note      = {Accedido: 03/07/2016}
}

@book{IRQE,
 author = {Manning, Christopher D. and Raghavan, Prabhakar and Sch\"{u}tze, Hinrich},
 title = {Introduction to Information Retrieval},
 year = {2008},
 pages   = {162-177},
 isbn = {0521865719, 9780521865715},
 publisher = {Cambridge University Press},
 address = {New York, NY, USA},
} 